<record><leader>00000cas a2200000 a 4500</leader><controlfield tag="001">11546866</controlfield><controlfield tag="008">850104d18741895cauwr ne      0    0eng c</controlfield><datafield ind1=" " ind2=" " tag="010"><subfield code="a">sn 85025021 </subfield></datafield><datafield ind1=" " ind2=" " tag="040"><subfield code="a">NPX</subfield><subfield code="b">eng</subfield><subfield code="c">NPX</subfield><subfield code="d">CNK</subfield><subfield code="d">OCLCQ</subfield><subfield code="d">CNK</subfield><subfield code="d">OCLCF</subfield><subfield code="d">OCLCO</subfield></datafield><datafield ind1=" " ind2=" " tag="042"><subfield code="a">pcc</subfield></datafield><datafield ind1=" " ind2=" " tag="043"><subfield code="a">n-us-ca</subfield></datafield><datafield ind1="0" ind2=" " tag="130"><subfield code="a">Weekly Mercury (Oroville, Calif.)</subfield></datafield><datafield ind1="1" ind2="4" tag="245"><subfield code="a">The weekly Mercury.</subfield></datafield><datafield ind1=" " ind2=" " tag="260"><subfield code="a">Oroville, Butte County, Calif. :</subfield><subfield code="b">Gray &amp; DeMott</subfield></datafield><datafield ind1=" " ind2=" " tag="300"><subfield code="a">v. ;</subfield><subfield code="c">59 cm.</subfield></datafield><datafield ind1=" " ind2=" " tag="310"><subfield code="a">Weekly</subfield></datafield><datafield ind1="0" ind2=" " tag="362"><subfield code="a">Vol. 2, no. 13 (Oct. 9, 1874)-v. 25, no. 4 (July 26, 1895).</subfield></datafield><datafield ind1=" " ind2=" " tag="530"><subfield code="a">Master negatives are available for duplication from:</subfield><subfield code="b">California Newspaper Microfilm Archive;</subfield><subfield code="c">for further information consult the CNMA at:</subfield><subfield code="u">http://cbsr.ucr.edu.</subfield></datafield><datafield ind1=" " ind2="0" tag="651"><subfield code="a">Oroville (Calif.)</subfield><subfield code="v">Newspapers.</subfield></datafield><datafield ind1=" " ind2="7" tag="655"><subfield code="a">Newspapers.</subfield><subfield code="2">fast</subfield><subfield code="0">(OCoLC)fst01423814</subfield></datafield><datafield ind1=" " ind2="7" tag="651"><subfield code="a">California</subfield><subfield code="z">Oroville.</subfield><subfield code="2">fast</subfield><subfield code="0">(OCoLC)fst01214296</subfield></datafield><datafield ind1=" " ind2=" " tag="752"><subfield code="a">United States</subfield><subfield code="b">California</subfield><subfield code="c">Butte</subfield><subfield code="d">Oroville.</subfield></datafield><datafield ind1="0" ind2=" " tag="775"><subfield code="t">Daily Mercury (Oroville, Calif. : 1883)</subfield><subfield code="w">(DLC)sn 85066474</subfield></datafield><datafield ind1="0" ind2="0" tag="780"><subfield code="t">Oroville Mercury (Oroville, Calif. : 1873)</subfield><subfield code="w">(DLC)sn 82014924</subfield></datafield><datafield ind1="0" ind2="0" tag="785"><subfield code="t">Weekly Oroville Mercury</subfield><subfield code="w">(DLC)sn 97060669</subfield></datafield></record>